<?xml version="1.0" encoding="UTF-8"?><record xmlns="http://www.loc.gov/MARC21/slim" xmlns:cinclude="http://apache.org/cocoon/include/1.0" xmlns:zs="http://www.loc.gov/zing/srw/">
  <leader>00387nz  a2200133n  4500</leader>
  <controlfield tag="001">no 00039582 </controlfield>
  <controlfield tag="003">DLC</controlfield>
  <controlfield tag="005">20000606064101.0</controlfield>
  <controlfield tag="008">000605n| acannaabn          |n aaa     c</controlfield>
  <datafield tag="010" ind1=" " ind2=" ">
    <subfield code="a">no 00039582 </subfield>
  </datafield>
  <datafield tag="035" ind1=" " ind2=" ">
    <subfield code="a">(OCoLC)oca05232981</subfield>
  </datafield>
  <datafield tag="040" ind1=" " ind2=" ">
    <subfield code="a">ICU</subfield>
    <subfield code="b">eng</subfield>
    <subfield code="c">ICU</subfield>
  </datafield>
  <datafield tag="100" ind1="1" ind2=" ">
    <subfield code="a">Schuster, Hermann,</subfield>
    <subfield code="d">1827-1914</subfield>
  </datafield>
  <datafield tag="670" ind1=" " ind2=" ">
    <subfield code="a">Národnostní otázka po sto letech, 1999:</subfield>
    <subfield code="b">p. 17 (Hermann Schuster 1827-1914)</subfield>
  </datafield>
</record>